<record><leader>00000cas a22000007a 4500</leader><controlfield tag="001">21025485</controlfield><controlfield tag="008">900209d19uu19uuohucr ne      0    0eng d</controlfield><datafield ind1=" " ind2=" " tag="010"><subfield code="a">sn 90068138 </subfield></datafield><datafield ind1=" " ind2=" " tag="040"><subfield code="a">ONP</subfield><subfield code="b">eng</subfield><subfield code="c">ONP</subfield><subfield code="d">OCLCQ</subfield></datafield><datafield ind1=" " ind2=" " tag="042"><subfield code="a">msc</subfield></datafield><datafield ind1="0" ind2=" " tag="130"><subfield code="a">Semi-weekly sentinel (Bradford, Ohio)</subfield></datafield><datafield ind1="1" ind2="0" tag="245"><subfield code="a">Semi-weekly sentinel.</subfield></datafield><datafield ind1=" " ind2=" " tag="260"><subfield code="a">Bradford, Ohio :</subfield><subfield code="b">[s.n.]</subfield></datafield><datafield ind1=" " ind2=" " tag="300"><subfield code="a">v.</subfield></datafield><datafield ind1=" " ind2=" " tag="310"><subfield code="a">Semi weekly</subfield></datafield><datafield ind1=" " ind2=" " tag="588"><subfield code="a">Description based on: Vol. 22, no. 47 (Dec. 1, 1900).</subfield></datafield><datafield ind1=" " ind2=" " tag="752"><subfield code="a">United States</subfield><subfield code="b">Ohio</subfield><subfield code="c">Miami</subfield><subfield code="d">Bradford.</subfield></datafield><datafield ind1="0" ind2="0" tag="785"><subfield code="t">Morning sentinel (Bradford, Ohio)</subfield><subfield code="w">(DLC)sn 90068137</subfield></datafield></record>